<collection xmlns="http://www.loc.gov/MARC21/slim">
<record>
  <leader>02302nam0a2200361 i 450 </leader>
  <controlfield tag="001">IT\ICCU\CNCE\009425</controlfield>
  <controlfield tag="005">20170912000000.0</controlfield>
  <datafield tag="012" ind1=" " ind2=" ">
    <subfield code="a">asbe i-am m-e, ipho (3) 1592 (R)</subfield>
    <subfield code="2">fei</subfield>
    <subfield code="9">VAR.A</subfield>
  </datafield>
  <datafield tag="012" ind1=" " ind2=" ">
    <subfield code="a">M,a- e-ea m-e, ipno (3) 1592 (R)</subfield>
    <subfield code="2">fei</subfield>
    <subfield code="9">VAR.B</subfield>
  </datafield>
  <datafield tag="100" ind1=" " ind2=" ">
    <subfield code="a">19970101d1592        0itac0103    ba</subfield>
  </datafield>
  <datafield tag="101" ind1=" " ind2=" ">
    <subfield code="a">LAT</subfield>
  </datafield>
  <datafield tag="102" ind1=" " ind2=" ">
    <subfield code="a">IT</subfield>
  </datafield>
  <datafield tag="200" ind1="1" ind2=" ">
    <subfield code="a">Panegyricus siue octaua oratio de veris, propriis, ac diuinis laudibus sanct.mi d.n. Clementis VIII, diuina prouidentia pont. opt. max. ex qua eas omnes virtutes, quae talem, atque tantum pastorem pontificia dignitate quamdignissimum &amp; olim reddiderunt, &amp; hodie reddunt, cuilibet facile cognoscere licet: quarum quidem praesidio munitus nemo dubitare potest, quin, propagandae christianae religionis causa, plura, ac difficiliora sit acturus, quam quisquam alius ex multis annis pontifex. F. Victorii Carcani Veneti augus sacrae theologiae lectoris</subfield>
  </datafield>
  <datafield tag="210" ind1=" " ind2=" ">
    <subfield code="a">Taruisii</subfield>
    <subfield code="c">apud Dominicum Amicum</subfield>
    <subfield code="d">1592</subfield>
    <subfield code="e">Taruisii</subfield>
    <subfield code="g">Dominicus de Amicis excudebat</subfield>
    <subfield code="h">1592</subfield>
  </datafield>
  <datafield tag="215" ind1=" " ind2=" ">
    <subfield code="a">\4!, 84, \4! p.</subfield>
    <subfield code="d">4ʻ</subfield>
  </datafield>
  <datafield tag="300" ind1=" " ind2=" ">
    <subfield code="a">Var.B: \6! p. iniziali</subfield>
  </datafield>
  <datafield tag="620" ind1=" " ind2=" ">
    <subfield code="a">IT</subfield>
    <subfield code="d">Treviso</subfield>
  </datafield>
  <datafield tag="700" ind1=" " ind2="1">
    <subfield code="a">Carcani,</subfield>
    <subfield code="b">Vittorio</subfield>
    <subfield code="3">IT\ICCU\CNCA\002622</subfield>
  </datafield>
  <datafield tag="712" ind1="0" ind2="0">
    <subfield code="a">Amici, Domenico</subfield>
    <subfield code="3">IT\ICCU\CNCT\000419</subfield>
    <subfield code="4">650</subfield>
  </datafield>
  <datafield tag="790" ind1=" " ind2="1">
    <subfield code="a">Carcano,</subfield>
    <subfield code="b">Vittorio</subfield>
    <subfield code="3">IT\ICCU\CNCA\028023</subfield>
    <subfield code="z">Carcani, Vittorio</subfield>
  </datafield>
  <datafield tag="790" ind1=" " ind2="1">
    <subfield code="a">Carcanus,</subfield>
    <subfield code="b">Victorius</subfield>
    <subfield code="3">IT\ICCU\CNCA\028024</subfield>
    <subfield code="z">Carcani, Vittorio</subfield>
  </datafield>
  <datafield tag="791" ind1="0" ind2="0">
    <subfield code="a">Amicis, Dominicus de</subfield>
    <subfield code="3">IT\ICCU\CNCT\004241</subfield>
    <subfield code="z">Amici, Domenico</subfield>
  </datafield>
  <datafield tag="791" ind1="0" ind2="0">
    <subfield code="a">Amicus, Dominicus</subfield>
    <subfield code="3">IT\ICCU\CNCT\004242</subfield>
    <subfield code="z">Amici, Domenico</subfield>
  </datafield>
  <datafield tag="801" ind1=" " ind2="3">
    <subfield code="a">IT</subfield>
    <subfield code="b">ICCU</subfield>
    <subfield code="c">20201113</subfield>
  </datafield>
  <datafield tag="899" ind1=" " ind2=" ">
    <subfield code="a">Biblioteca statale. Cremona</subfield>
    <subfield code="1">CR0062</subfield>
    <subfield code="2">LO1 28</subfield>
  </datafield>
  <datafield tag="899" ind1=" " ind2=" ">
    <subfield code="a">Biblioteca Apostolica Vaticana. Citt ̉del Vaticano</subfield>
    <subfield code="1">EX0001</subfield>
    <subfield code="2">ZCV 01</subfield>
  </datafield>
  <datafield tag="899" ind1=" " ind2=" ">
    <subfield code="a">Biblioteca comunale Pietro Siciliani. Galatina</subfield>
    <subfield code="1">LE0209</subfield>
    <subfield code="2">LEK SF</subfield>
  </datafield>
  <datafield tag="899" ind1=" " ind2=" ">
    <subfield code="a">Biblioteca universitaria. Padova</subfield>
    <subfield code="z">(Var. A) - MUTILO</subfield>
    <subfield code="1">PD0158</subfield>
    <subfield code="2">PUV 00</subfield>
  </datafield>
  <datafield tag="899" ind1=" " ind2=" ">
    <subfield code="a">Biblioteca Angelica. Roma</subfield>
    <subfield code="1">RM0290</subfield>
    <subfield code="2">RML 06</subfield>
  </datafield>
  <datafield tag="899" ind1=" " ind2=" ">
    <subfield code="a">Biblioteca del Pontificio Ateneo Antonianum. Roma</subfield>
    <subfield code="1">RM0692</subfield>
    <subfield code="2">ZRM 44</subfield>
  </datafield>
  <datafield tag="899" ind1=" " ind2=" ">
    <subfield code="a">Biblioteca nazionale Marciana. Venezia</subfield>
    <subfield code="z">(Var.B)</subfield>
    <subfield code="1">VE0049</subfield>
    <subfield code="2">VEA BM</subfield>
  </datafield>
  <datafield tag="911" ind1=" " ind2=" ">
    <subfield code="a">Nel coloph.</subfield>
    <subfield code="9">IT\ICCU\CNCM\000063</subfield>
  </datafield>
  <datafield tag="921" ind1=" " ind2=" ">
    <subfield code="a">IT\ICCU\CNCM\000063</subfield>
    <subfield code="b">Fiamma che si innalza da ara decorata con ghirlanda e mascheroni. In cornice figurata</subfield>
    <subfield code="e">Omni tempore.</subfield>
    <subfield code="c">V5</subfield>
    <subfield code="c">Z556</subfield>
    <subfield code="d">Dimensioni: 5,5 x 7,6</subfield>
    <subfield code="f">CIPPO</subfield>
    <subfield code="f">FIAMME</subfield>
    <subfield code="f">OMNITEMPOR</subfield>
    <subfield code="g">1591-1600</subfield>
  </datafield>
</record>
</collection>
